@article{wolf2024autonomous,
  title={Autonomous artificial intelligence increases screening and follow-up for diabetic retinopathy in youth: The ACCESS randomized control trial},
  author={Wolf, R. M. and Channa, R. and Liu, T. Y. A. and Pensec, M. and Han, J. K. and Amini, N. and Boudreault, D. and Varma, R. and Tufail, A. and Lee, A. Y. and Wolf, D. S.},
  journal={Nature Communications},
  volume={15},
  number={1},
  pages={421},
  year={2024},
  doi={10.1038/s41467-023-44676-z}
}

@misc{fda2018denovo,
  title={Device classification under Section 513(f)(2)(De Novo)},
  author={{U.S. Food and Drug Administration}},
  year={2018},
  howpublished={U.S. Department of Health and Human Services},
  url={https://www.accessdata.fda.gov/scripts/cdrh/cfdocs/cfpmn/denovo.cfm?ID=DEN180001}
}

@misc{digitaldiagnostics2024indications,
  title={Indications for use -- US (LumineticsCore)},
  author={{Digital Diagnostics}},
  year={n.d.},
  url={https://www.digitaldiagnostics.com/products/eye-disease/indications-for-use-us/}
}

@misc{fda2018denovo_summary,
  title={DE NOVO CLASSIFICATION REQUEST FOR IDX-DR [De Novo Summary, DEN180001]},
  author={{U.S. Food and Drug Administration}},
  year={2018},
  howpublished={U.S. Department of Health and Human Services},
  url={https://www.accessdata.fda.gov/cdrh_docs/reviews/DEN180001.pdf}
}

@article{abramoff2018pivotal,
  title={Pivotal trial of an autonomous AI-based diagnostic system for detection of diabetic retinopathy in primary care offices},
  author={Abr{\`a}moff, M. D. and Lavin, P. T. and Birch, M. and Shah, N. and Folk, J. C.},
  journal={npj Digital Medicine},
  volume={1},
  number={1},
  pages={39},
  year={2018},
  doi={10.1038/s41746-018-0040-6}
}

@article{abramoff2023autonomous,
  title={Autonomous artificial intelligence increases real-world specialist clinic productivity in a cluster-randomized trial},
  author={Abr{\`a}moff, M. D. and others},
  journal={npj Digital Medicine},
  volume={6},
  pages={184},
  year={2023},
  doi={10.1038/s41746-023-00931-7}
}

@misc{fda2025aiml,
  title={Marketing submission recommendations for a predetermined change control plan for AI/ML-enabled device software functions},
  author={{U.S. Food and Drug Administration}},
  year={2025},
  month={Aug},
  url={https://www.fda.gov/regulatory-information/search-fda-guidance-documents/marketing-submission-recommendations-predetermined-change-control-plan-artificial-intelligence}
}

@misc{nielsen2020usability,
  title={10 Usability Heuristics for User Interface Design},
  author={Nielsen, Jakob},
  year={2020},
  howpublished={Nielsen Norman Group},
  note={Retrieved October 5, 2025},
  url={https://www.nngroup.com/articles/ten-usability-heuristics/}
}
